<?xml version="1.0" encoding="UTF-8"?>
<collection xmlns:xsi="http://www.w3.org/2001/XMLSchema-instance" xsi:schemaLocation="http://www.loc.gov/MARC21/slim http://www.loc.gov/standards/marcxml/schema/MARC21slim.xsd" xmlns="http://www.loc.gov/MARC21/slim">
<record>
  <leader>01320cam a2200301 a 4500</leader>
  <controlfield tag="001">2960436</controlfield>
  <controlfield tag="003">NNC</controlfield>
  <controlfield tag="005">20130426003009.0</controlfield>
  <controlfield tag="008">911127m19611962sy b          000 0 arar </controlfield>
  <datafield tag="010" ind1=" " ind2=" ">
    <subfield code="a">ne 68001094 </subfield>
  </datafield>
  <datafield tag="035" ind1=" " ind2=" ">
    <subfield code="a">(OCoLC)ocm24866287</subfield>
  </datafield>
  <datafield tag="035" ind1=" " ind2=" ">
    <subfield code="9">ASK5641CU</subfield>
  </datafield>
  <datafield tag="035" ind1=" " ind2=" ">
    <subfield code="a">(NNC)2960436</subfield>
  </datafield>
  <datafield tag="040" ind1=" " ind2=" ">
    <subfield code="a">DLC</subfield>
    <subfield code="c">CUY</subfield>
    <subfield code="d">CUY</subfield>
    <subfield code="d">ZCU</subfield>
  </datafield>
  <datafield tag="050" ind1="0" ind2=" ">
    <subfield code="a">BP135.A2</subfield>
    <subfield code="b">K4</subfield>
  </datafield>
  <datafield tag="100" ind1="1" ind2=" ">
    <subfield code="a">Khaṭīb al-Tibrīzī, Muḥammad ibn ʻAbd Allāh,</subfield>
    <subfield code="d">active 1337.</subfield>
  </datafield>
  <datafield tag="245" ind1="1" ind2="0">
    <subfield code="a">Mishkāt al-Maṣābīḥ /</subfield>
    <subfield code="c">taʾlīf Walī al-Dīn Abī ʻAbd Allāh Muḥammad ibn ʻAbd Allāh al-Khaṭīb al-ʻUmarī al-Tibrīzī ; bi-taḥqīq Muḥammad Nāṣir al-Dīn al-Albānī.</subfield>
  </datafield>
  <datafield tag="250" ind1=" " ind2=" ">
    <subfield code="a">[al-Ṭabʻah 1]</subfield>
  </datafield>
  <datafield tag="260" ind1=" " ind2=" ">
    <subfield code="a">[Dimashq] :</subfield>
    <subfield code="b">al-Maktab al-Islāmī lil-Ṭibāʻah wa-al-Nashr,</subfield>
    <subfield code="c">1961-62]</subfield>
  </datafield>
  <datafield tag="300" ind1=" " ind2=" ">
    <subfield code="a">3v. ;</subfield>
    <subfield code="c">29 cm.</subfield>
  </datafield>
  <datafield tag="500" ind1=" " ind2=" ">
    <subfield code="a">V. 3, p. 319-412 "Fihrist bi-asmāʾ al-ruwāt".</subfield>
  </datafield>
  <datafield tag="500" ind1=" " ind2=" ">
    <subfield code="a">A commentary on the hadith collected by al-Baghawī under title: Maṣābīḥ al-sunnah.</subfield>
  </datafield>
  <datafield tag="600" ind1="1" ind2="0">
    <subfield code="a">Baghawī, al-Ḥusayn ibn Masʻūd,</subfield>
    <subfield code="d">-1117?</subfield>
    <subfield code="t">Maṣābīḥ al-sunnah.</subfield>
  </datafield>
  <datafield tag="650" ind1=" " ind2="0">
    <subfield code="a">Hadith.</subfield>
  </datafield>
  <datafield tag="650" ind1=" " ind2="0">
    <subfield code="a">Hadith</subfield>
    <subfield code="x">Criticism, interpretation, etc.</subfield>
  </datafield>
  <datafield tag="700" ind1="1" ind2=" ">
    <subfield code="a">Albānī, Muḥammad Nāṣir al-Dīn.</subfield>
  </datafield>
  <datafield tag="700" ind1="1" ind2=" ">
    <subfield code="a">Baghawī, al-Ḥusayn ibn Masʻūd,</subfield>
    <subfield code="d">-1117?</subfield>
    <subfield code="t">Maṣābīḥ al-sunnah.</subfield>
  </datafield>
  <datafield tag="955" ind1=" " ind2=" ">
    <subfield code="b">CU01322354</subfield>
    <subfield code="d">off,glg</subfield>
    <subfield code="e">BP135.A2 K4</subfield>
    <subfield code="v">v.2</subfield>
  </datafield>
</record>
</collection>